<?xml version="1.0" encoding="UTF-8"?><collection xmlns="http://www.loc.gov/MARC21/slim"><record><leader>00412nam--2200145-i-4500</leader><controlfield tag="001">000009983</controlfield><controlfield tag="002">20161230</controlfield><controlfield tag="005">20161230201028</controlfield><controlfield tag="008">060222s1000------------r-----000-0-eng-d</controlfield><datafield ind1=" " ind2=" " tag="080"><subfield code="a">016:621.38.049.7:681.3:621.38:621.71</subfield></datafield><datafield ind1=" " ind2=" " tag="100"><subfield code="a">Barnes, R.C.M.And Whiteman, A.R.C</subfield></datafield><datafield ind1=" " ind2=" " tag="245"><subfield code="a">Camac - bibliography. (covering period 1968-1971)</subfield></datafield><datafield ind1=" " ind2=" " tag="260"><subfield code="a">Harwell, Berks., A.E.R.E., 1972 12 P</subfield></datafield><datafield ind1=" " ind2=" " tag="490"><subfield code="a">180</subfield></datafield><datafield ind1=" " ind2=" " tag="852"><subfield code="a">1271</subfield></datafield></record></collection>